@article{Beal2015Computer,
  author       = {Jacob Beal and
                  Danilo Pianini and
                  Mirko Viroli},
  title        = {Aggregate Programming for the Internet of Things},
  journal      = {Computer},
  volume       = {48},
  number       = {9},
  pages        = {22--30},
  year         = {2015},
  url          = {https://doi.org/10.1109/MC.2015.261},
  doi          = {10.1109/MC.2015.261},
  timestamp    = {Wed, 12 Aug 2020 10:31:37 +0200},
  biburl       = {https://dblp.org/rec/journals/computer/BealPV15.bib},
  bibsource    = {dblp computer science bibliography, https://dblp.org}
}

@article{Zhou2020AIOpen,
  author       = {Jie Zhou and
                  Ganqu Cui and
                  Shengding Hu and
                  Zhengyan Zhang and
                  Cheng Yang and
                  Zhiyuan Liu and
                  Lifeng Wang and
                  Changcheng Li and
                  Maosong Sun},
  title        = {Graph neural networks: {A} review of methods and applications},
  journal      = {{AI} Open},
  volume       = {1},
  pages        = {57--81},
  year         = {2020},
  url          = {https://doi.org/10.1016/j.aiopen.2021.01.001},
  doi          = {10.1016/j.aiopen.2021.01.001},
  timestamp    = {Fri, 13 Aug 2021 14:56:35 +0200},
  biburl       = {https://dblp.org/rec/journals/aiopen/ZhouCHZYLWLS20.bib},
  bibsource    = {dblp computer science bibliography, https://dblp.org}
}